<?xml version="1.0" encoding="UTF-8"?><record xmlns="http://www.loc.gov/MARC21/slim" xmlns:cinclude="http://apache.org/cocoon/include/1.0" xmlns:zs="http://www.loc.gov/zing/srw/">
  <leader>00437nz  a2200133n  4500</leader>
  <controlfield tag="001">no 91026375 </controlfield>
  <controlfield tag="003">DLC</controlfield>
  <controlfield tag="005">19911108051925.8</controlfield>
  <controlfield tag="008">911101n| acannaab|          |n aaa     c</controlfield>
  <datafield tag="010" ind1=" " ind2=" ">
    <subfield code="a">no 91026375 </subfield>
  </datafield>
  <datafield tag="040" ind1=" " ind2=" ">
    <subfield code="a">MdU</subfield>
    <subfield code="c">MdU</subfield>
  </datafield>
  <datafield tag="100" ind1="1" ind2="0">
    <subfield code="a">Trail, John</subfield>
  </datafield>
  <datafield tag="670" ind1=" " ind2=" ">
    <subfield code="a">His The report of John Trail, engineer, concerning the practicability and expence of compleating the Grand Canal from Dublin to Tullamore in the King's-county ... 1771.</subfield>
  </datafield>
  <datafield tag="675" ind1=" " ind2=" ">
    <subfield code="a">DNB.</subfield>
  </datafield>
</record>